%YAML 1.1
%TAG !u! tag:unity3d.com,2011:
--- !u!1001 &100100000
Prefab:
  m_ObjectHideFlags: 1
  serializedVersion: 2
  m_Modification:
    m_TransformParent: {fileID: 0}
    m_Modifications: []
    m_RemovedComponents: []
  m_ParentPrefab: {fileID: 0}
  m_RootGameObject: {fileID: 1710694419455402}
  m_IsPrefabParent: 1
--- !u!1 &1710694419455402
GameObject:
  m_ObjectHideFlags: 0
  m_PrefabParentObject: {fileID: 0}
  m_PrefabInternal: {fileID: 100100000}
  serializedVersion: 5
  m_Component:
  - component: {fileID: 4640089682197176}
  - component: {fileID: 212387299285457768}
  - component: {fileID: 60896710555715532}
  m_Layer: 0
  m_Name: Layer 3
  m_TagString: Zivot
  m_Icon: {fileID: 0}
  m_NavMeshLayer: 0
  m_StaticEditorFlags: 0
  m_IsActive: 1
--- !u!4 &4640089682197176
Transform:
  m_ObjectHideFlags: 1
  m_PrefabParentObject: {fileID: 0}
  m_PrefabInternal: {fileID: 100100000}
  m_GameObject: {fileID: 1710694419455402}
  m_LocalRotation: {x: -0, y: -0, z: -0, w: 1}
  m_LocalPosition: {x: 101.876, y: -0.112, z: -0.1607466}
  m_LocalScale: {x: 0.65584177, y: 0.65584177, z: 0.65584177}
  m_Children: []
  m_Father: {fileID: 0}
  m_RootOrder: 0
  m_LocalEulerAnglesHint: {x: 0, y: 0, z: 0}
--- !u!60 &60896710555715532
PolygonCollider2D:
  m_ObjectHideFlags: 1
  m_PrefabParentObject: {fileID: 0}
  m_PrefabInternal: {fileID: 100100000}
  m_GameObject: {fileID: 1710694419455402}
  m_Enabled: 1
  m_Density: 1
  m_Material: {fileID: 0}
  m_IsTrigger: 1
  m_UsedByEffector: 0
  m_UsedByComposite: 0
  m_Offset: {x: 0, y: 0}
  m_SpriteTilingProperty:
    border: {x: 0, y: 0, z: 0, w: 0}
    pivot: {x: 0.5, y: 0.5}
    oldSize: {x: 2.53, y: 1.64}
    newSize: {x: 2.53, y: 1.64}
    adaptiveTilingThreshold: 0.5
    drawMode: 0
    adaptiveTiling: 0
  m_AutoTiling: 0
  m_Points:
    m_Paths:
    - - {x: 0.78499997, y: -0.79999995}
      - {x: 0.97499996, y: -0.82}
      - {x: 1.185, y: -0.74}
      - {x: 1.265, y: -0.71}
      - {x: 1.265, y: -0.63}
      - {x: 1.2049999, y: -0.52}
      - {x: 1.165, y: -0.31}
      - {x: 1.115, y: 0.01}
      - {x: 1.0749999, y: 0.42999998}
      - {x: 1.045, y: 0.45}
      - {x: 0.995, y: 0.44}
      - {x: 0.745, y: 0.35}
      - {x: 0.72499996, y: 0.45999998}
      - {x: 0.615, y: 0.61}
      - {x: 0.465, y: 0.7}
      - {x: 0.285, y: 0.74}
      - {x: 0.065, y: 0.74}
      - {x: -0.015, y: 0.72999996}
      - {x: -0.16499999, y: 0.69}
      - {x: -0.255, y: 0.65}
      - {x: -0.39499998, y: 0.56}
      - {x: -0.565, y: 0.39999998}
      - {x: -0.615, y: 0.26999998}
      - {x: -0.825, y: 0.45}
      - {x: -0.895, y: 0.42999998}
      - {x: -1.015, y: 0.049999997}
      - {x: -1.125, y: -0.25}
      - {x: -1.2049999, y: -0.42}
      - {x: -1.265, y: -0.48999998}
      - {x: -1.265, y: -0.56}
      - {x: -1.225, y: -0.58}
      - {x: -1.175, y: -0.58}
      - {x: -1.125, y: -0.53999996}
      - {x: -1.0849999, y: -0.48999998}
      - {x: -0.995, y: -0.29}
      - {x: -0.91499996, y: -0.099999994}
      - {x: -0.84499997, y: 0.099999994}
      - {x: -0.835, y: -0.01}
      - {x: -0.73499995, y: -0.26999998}
      - {x: -0.78499997, y: -0.42}
      - {x: -0.91499996, y: -0.56}
      - {x: -1.125, y: -0.59}
      - {x: -1.255, y: -0.65}
      - {x: -1.265, y: -0.7}
      - {x: -1.225, y: -0.72999996}
      - {x: -0.98499995, y: -0.78999996}
      - {x: -0.505, y: -0.82}
      - {x: 0.72499996, y: -0.82}
    - - {x: 1.055, y: -0.59}
      - {x: 1.045, y: -0.58}
      - {x: 0.965, y: -0.55}
      - {x: 1.045, y: -0.48}
      - {x: 1.0749999, y: -0.57}
      - {x: 1.115, y: -0.59999996}
      - {x: 1.105, y: -0.59}
--- !u!212 &212387299285457768
SpriteRenderer:
  m_ObjectHideFlags: 1
  m_PrefabParentObject: {fileID: 0}
  m_PrefabInternal: {fileID: 100100000}
  m_GameObject: {fileID: 1710694419455402}
  m_Enabled: 1
  m_CastShadows: 0
  m_ReceiveShadows: 0
  m_MotionVectors: 1
  m_LightProbeUsage: 1
  m_ReflectionProbeUsage: 1
  m_Materials:
  - {fileID: 10754, guid: 0000000000000000f000000000000000, type: 0}
  m_StaticBatchInfo:
    firstSubMesh: 0
    subMeshCount: 0
  m_StaticBatchRoot: {fileID: 0}
  m_ProbeAnchor: {fileID: 0}
  m_LightProbeVolumeOverride: {fileID: 0}
  m_ScaleInLightmap: 1
  m_PreserveUVs: 0
  m_IgnoreNormalsForChartDetection: 0
  m_ImportantGI: 0
  m_SelectedEditorRenderState: 0
  m_MinimumChartSize: 4
  m_AutoUVMaxDistance: 0.5
  m_AutoUVMaxAngle: 89
  m_LightmapParameters: {fileID: 0}
  m_SortingLayerID: 0
  m_SortingLayer: 0
  m_SortingOrder: 0
  m_Sprite: {fileID: 21300000, guid: 3e509400e0d687b48ba0e2583b7b9d0e, type: 3}
  m_Color: {r: 1, g: 1, b: 1, a: 1}
  m_FlipX: 0
  m_FlipY: 0
  m_DrawMode: 0
  m_Size: {x: 2.53, y: 1.64}
  m_AdaptiveModeThreshold: 0.5
  m_SpriteTileMode: 0
  m_WasSpriteAssigned: 1
  m_MaskInteraction: 0
